%% Created using Papers on Fri, 28 Oct 2016.
%% http://papersapp.com/papers/

@inproceedings{Limberger:2012,
  author = {Limberger, Daniel and Engel, Juri and D{\"{o}}llner, J{\"{u}}rgen},
  title = {Single-Pass Rendering of Day and Night Sky Phenomena},
  booktitle = {Proceedings of the Vision, Modeling, and Visualization Workshop 2012},
  affiliation = {Hasso-Plattner-Institut, University of Potsdam, Germany},
  publisher = {Eurographics Association},
  booktitle = {Proceedings of the Vision, Modeling, and Visualization Workshop 2012},
  pages = {55--62},
  year = {2012},
  month = {11},
  url = {http://dx.doi.org/10.2312/PE/VMV/VMV12/055-062},
  doi = {10.2312/PE/VMV/VMV12/055-062},
}

@inproceedings{Perlin:2002,
 author = {Perlin, Ken},
 title = {Improving Noise},
 booktitle = {Proceedings of the 29th Annual Conference on Computer Graphics and Interactive Techniques},
 series = {SIGGRAPH '02},
 year = {2002},
 isbn = {1-58113-521-1},
 location = {San Antonio, Texas},
 pages = {681--682},
 numpages = {2},
 url = {http://doi.acm.org.ezproxy.fiu.edu/10.1145/566570.566636},
 doi = {10.1145/566570.566636},
 acmid = {566636},
 publisher = {ACM},
 address = {New York, NY, USA},
 keywords = {procedural texture},
} 

@inproceedings{Trindade:2011,
 author = {Trindade, Daniel R. and Raposo, Alberto B.},
 title = {Improving 3D Navigation in Multiscale Environments Using Cubemap-based Techniques},
 booktitle = {Proceedings of the 2011 ACM Symposium on Applied Computing},
 series = {SAC '11},
 year = {2011},
 isbn = {978-1-4503-0113-8},
 location = {TaiChung, Taiwan},
 pages = {1215--1221},
 numpages = {7},
 url = {http://doi.acm.org.ezproxy.fiu.edu/10.1145/1982185.1982454},
 doi = {10.1145/1982185.1982454},
 acmid = {1982454},
 publisher = {ACM},
 address = {New York, NY, USA},
 keywords = {cubemap, image factors, multiscale environments, navigation},
} 


@article{Roden:2005es,
author = {Roden, Timothy and Parberry, Ian},
title = {{Clouds and stars}},
journal = {Proceedings of the 2005 ACM SIGCHI International Conference on Advances in computer entertainment technology - ACE '05},
year = {2005},
doi = {10.1145/1178477.1178574},
rating = {0},
date-added = {2016-10-28T03:17:05GMT},
url = {http://dx.doi.org/10.1145/1178477.1178574}
}

@article{Elcott:2016geba,
author = {Elcott, Sharif and Chang, Kay and Miyamoto, Masayoshi and Metaaphanon, Napaporn},
title = {{Rendering techniques of Final Fantasy XV}},
journal = {ACM SIGGRAPH 2016 Talks on - SIGGRAPH '16},
year = {2016},
doi = {10.1145/2897839.2927398},
rating = {0},
date-added = {2016-10-28T03:17:05GMT},
url = {http://dx.doi.org/10.1145/2897839.2927398}
}

@article{Elek:t+B4baGRba,
author = {Elek, Oskar and Kmoch, Petr},
title = {{Real-time spectral scattering in large-scale natural participating media.}},
year = {2010},
rating = {0},
date-added = {2016-10-28T03:17:05GMT}
}

@article{Bruneton:2008id,
author = {Bruneton, Eric and Neyret, Fabrice},
title = {{Precomputed Atmospheric Scattering}},
journal = {Computer Graphics Forum},
year = {2008},
volume = {27},
number = {4},
pages = {1079},
doi = {10.1111/j.1467-8659.2008.01245.x},
rating = {0},
date-added = {2016-10-28T03:17:05GMT},
url = {http://dx.doi.org/10.1111/j.1467-8659.2008.01245.x}
}

@article{Haber:2005hl,
author = {Haber, J{\"o}rg and Magnor, Marcus and Seidel, Hans-Peter},
title = {{Physically-based simulation of twilight phenomena}},
journal = {ACM Transactions on Graphics},
year = {2005},
volume = {24},
number = {4},
pages = {1353},
doi = {10.1145/1095878.1095884},
read = {Yes},
rating = {0},
date-added = {2016-10-28T03:17:05GMT},
url = {http://dx.doi.org/10.1145/1095878.1095884}
}

@article{Zaninetti:2013fa,
author = {Zaninetti, L},
title = {{Photometric Effects and Voronoi-Diagrams as a Mixed Model for the Spatial Distribution of Galaxies}},
journal = {The Open Astronomy Journal},
year = {2013},
volume = {6},
number = {1},
pages = {48},
doi = {10.2174/1874381101306010048},
rating = {0},
date-added = {2016-10-28T03:17:05GMT},
url = {http://dx.doi.org/10.2174/1874381101306010048}
}

@article{Jensen:2001fr,
author = {Jensen, Henrik Wann and Durand, Fr{\'e}do and Dorsey, Julie and Stark, Michael M and Shirley, Peter and Premo{\v z}e, Simon},
title = {{A physically-based night sky model}},
journal = {Proceedings of the 28th annual conference on Computer graphics and interactive techniques - SIGGRAPH '01},
year = {2001},
doi = {10.1145/383259.383306},
rating = {0},
date-added = {2016-10-28T03:17:05GMT},
url = {http://dx.doi.org/10.1145/383259.383306}
}

@article{Mendez:2016duba,
author = {Mendez, Roberto Lopez and Bala, Sylwester},
title = {{Optimized mobile rendering techniques based on local cubemaps}},
journal = {ACM SIGGRAPH 2016 Posters on - SIGGRAPH '16},
year = {2016},
doi = {10.1145/2945078.2945113},
rating = {0},
date-added = {2016-10-28T03:17:05GMT},
url = {http://dx.doi.org/10.1145/2945078.2945113}
}

@book{Bowman:2004vo,
	Author = {Bowman, D A and Kruijff, E and LaViola, Jr, J J and Poupyrev, I},
	Publisher = {Addison-Wesley Professional},
	Title = {{3D user interfaces: theory and practice}},
	Year = {2004}}


@misc{EpicCube2016,
   author = "Epic",
   title = "Creating Cubemaps",
   year = "2016",
   url = "\url{  https://docs.unrealengine.com/latest/INT/Engine/Content/Types/Textures/Cubemaps/CreatingCubemaps/index.html/}",
   note = "[Online; accessed 20-Dec-2016]"
 }

